@misc{1, 
    title={Applications of string matching algorithms}, 
    url={https://www.geeksforgeeks.org/applications-of-string-matching-algorithms/}, 
    journal={GeeksforGeeks}, 
    publisher={GeeksforGeeks}, 
    author={eswithareddy}, 
    year={2022}, 
    month={11}
}

@misc{2, 
    title={String matching algorithms - auckland}, 
    url={https://www.cs.auckland.ac.nz/courses/compsci369s1c/lectures/GG-notes/CS369-StringAlgs.pdf}, 
    journal={cs.auckland}, 
    author={Gimelfarb, Georgy}
}

@misc{3, 
    title={Introduction to pattern searching - data structure and algorithm tutorial}, 
    url={https://www.geeksforgeeks.org/introduction-to-pattern-searching-data-structure-and-algorithm-tutorial/}, 
    journal={GeeksforGeeks}, 
    publisher={GeeksforGeeks}, 
    author={harendrakumar123}, 
    year={2023}, 
    month={5}
}

@article{4, 
    title={Comparisons of classic and quantum string matching algorithms}, 
    DOI={10.1145/3573834.3574498}, 
    journal={Proceedings of the 4th International Conference on Advanced Information Science and System}, 
    author={Gao, Margaret and Huang, Rachel and Mazumder, Arul Rhik and Li, Fei}, 
    year={2022}
} 

@article{5,
    title={COMPARATIVE ANALYSIS OF BIT-PARALLEL STRING PATTERN MATCHING ALGORITHMS FOR BIOLOGICAL SEQUENCES}, 
    volume={6}, 
    url={https://oresta.org/menu-script/index.php/oresta/article/view/554}, 
    number={1}, 
    journal={Operational Research in Engineering Sciences: Theory and Applications}, 
    author={Muhammad Yusuf Muhammad and Mathias Fonkam and Salu George Thandekatu and Sandip Rakshit and Rao Narasimha Vajjhala}, 
    year={2023}, 
    month={4} 
}

@misc{6,
    title={Optimal-Hash Exact String Matching Algorithms}, 
    author={Thierry Lecroq},
    year={2023},
    eprint={2303.05799},
    archivePrefix={arXiv},
    primaryClass={cs.DS}
}

@article{7, 
    title={A novel approach for pattern string matching in Intrusion detection system}, 
    volume={1916}, 
    DOI={10.1088/1742-6596/1916/1/012007}, 
    number={1}, 
    journal={Journal of Physics: Conference Series}, 
    author={Azarudeen, K and Chakkaravarthy, G Vinoth and Murugiah, Premkumar and Kharthikeyan, S}, 
    year={2021}, 
    pages={012007}
} 

@misc{8, 
    title={Naive algorithm for pattern searching}, 
    url={https://www.geeksforgeeks.org/naive-algorithm-for-pattern-searching/?ref=lbp}, 
    journal={GeeksforGeeks}, 
    publisher={GeeksforGeeks}, 
    author={GeeksforGeeks}, 
    year={2023}, 
    month={10}
}

@misc{9, 
    title={KMP algorithm for pattern searching}, 
    url={https://www.geeksforgeeks.org/kmp-algorithm-for-pattern-searching/?ref=lbp}, 
    journal={GeeksforGeeks}, 
    publisher={GeeksforGeeks}, 
    author={GeeksforGeeks}, 
    year={2023}, 
    month={5}
}

@misc{10, 
    title={Rabin-Karp algorithm for pattern searching}, 
    url={https://www.geeksforgeeks.org/rabin-karp-algorithm-for-pattern-searching/?ref=lbp}, 
    journal={GeeksforGeeks}, 
    publisher={GeeksforGeeks}, 
    author={GeeksforGeeks}, 
    year={2023}, 
    month={9}
} 